<record><leader>00000cas a2200000 a 4500</leader><controlfield tag="001">2254699</controlfield><controlfield tag="008">760620d18371838iauwr ne      0   a0eng c</controlfield><datafield ind1=" " ind2=" " tag="010"><subfield code="a">sn 83025216 </subfield></datafield><datafield ind1=" " ind2=" " tag="040"><subfield code="a">MUL</subfield><subfield code="b">eng</subfield><subfield code="c">MUL</subfield><subfield code="d">NPV</subfield><subfield code="d">DLC</subfield><subfield code="d">INP</subfield><subfield code="d">DLC</subfield><subfield code="d">CVF</subfield><subfield code="d">CUI</subfield><subfield code="d">OCLCQ</subfield><subfield code="d">OCLCF</subfield></datafield><datafield ind1="1" ind2=" " tag="029"><subfield code="a">AU@</subfield><subfield code="b">000025809843</subfield></datafield><datafield ind1=" " ind2=" " tag="042"><subfield code="a">pcc</subfield></datafield><datafield ind1=" " ind2=" " tag="043"><subfield code="a">n-us-ia</subfield></datafield><datafield ind1=" " ind2=" " tag="045"><subfield code="a">w3w3</subfield></datafield><datafield ind1=" " ind2="0" tag="050"><subfield code="a">Newspaper 7774</subfield></datafield><datafield ind1=" " ind2="4" tag="050"><subfield code="a">AN</subfield></datafield><datafield ind1=" " ind2=" " tag="052"><subfield code="a">4153</subfield><subfield code="b">D6</subfield></datafield><datafield ind1="0" ind2="0" tag="245"><subfield code="a">Wisconsin territorial gazette and Burlington advertiser.</subfield></datafield><datafield ind1="3" ind2=" " tag="246"><subfield code="a">Gazette &amp; advertiser</subfield></datafield><datafield ind1="3" ind2=" " tag="246"><subfield code="a">Gazette and advertiser</subfield></datafield><datafield ind1="3" ind2=" " tag="246"><subfield code="a">Burlington advertiser</subfield></datafield><datafield ind1="3" ind2=" " tag="246"><subfield code="a">Wisconsin territorial gazette</subfield></datafield><datafield ind1=" " ind2=" " tag="260"><subfield code="a">Burlington, Wisconsin Territory [Iowa] :</subfield><subfield code="b">James Clarke &amp; Co.,</subfield><subfield code="c">1837-1838.</subfield></datafield><datafield ind1=" " ind2=" " tag="300"><subfield code="a">1 v. ;</subfield><subfield code="c">56 cm.</subfield></datafield><datafield ind1=" " ind2=" " tag="310"><subfield code="a">Weekly</subfield></datafield><datafield ind1="0" ind2=" " tag="362"><subfield code="a">Vol. 1, no. 1 (July 10, 1837)-v. 1, no. 51 (June 30, 1838).</subfield></datafield><datafield ind1=" " ind2=" " tag="500"><subfield code="a">"For the law, and the people."</subfield></datafield><datafield ind1=" " ind2=" " tag="500"><subfield code="a">Consists principally of the proceedings of the territorial legislature.</subfield></datafield><datafield ind1=" " ind2="0" tag="651"><subfield code="a">Burlington (Iowa)</subfield><subfield code="v">Newspapers.</subfield></datafield><datafield ind1=" " ind2="0" tag="651"><subfield code="a">Des Moines County (Iowa)</subfield><subfield code="v">Newspapers.</subfield></datafield><datafield ind1=" " ind2="7" tag="655"><subfield code="a">Newspapers.</subfield><subfield code="2">fast</subfield><subfield code="0">(OCoLC)fst01423814</subfield></datafield><datafield ind1=" " ind2="7" tag="651"><subfield code="a">Iowa</subfield><subfield code="z">Burlington.</subfield><subfield code="2">fast</subfield><subfield code="0">(OCoLC)fst01216205</subfield></datafield><datafield ind1=" " ind2="7" tag="651"><subfield code="a">Iowa</subfield><subfield code="z">Des Moines County.</subfield><subfield code="2">fast</subfield><subfield code="0">(OCoLC)fst01213454</subfield></datafield><datafield ind1=" " ind2=" " tag="752"><subfield code="a">United States</subfield><subfield code="b">Iowa</subfield><subfield code="c">Des Moines</subfield><subfield code="d">Burlington.</subfield></datafield><datafield ind1="0" ind2="8" tag="776"><subfield code="i">Online version:</subfield><subfield code="t">Wisconsin territorial gazette and Burlington advertiser</subfield><subfield code="w">(OCoLC)192107587</subfield></datafield><datafield ind1="0" ind2="0" tag="785"><subfield code="t">Iowa territorial gazette and Burlington advertiser</subfield><subfield code="w">(DLC)sn 83025155</subfield><subfield code="w">(OCoLC)9291423</subfield></datafield></record>